<record><leader>00000cas a22000007a 4500</leader><controlfield tag="001">1589418</controlfield><controlfield tag="008">750901d19031951mnuwr ne      0    0eng d</controlfield><datafield ind1=" " ind2=" " tag="010"><subfield code="a">sn 89081042 </subfield></datafield><datafield ind1=" " ind2=" " tag="040"><subfield code="a">MUL</subfield><subfield code="b">eng</subfield><subfield code="c">MUL</subfield><subfield code="d">MN#</subfield><subfield code="d">OCLCQ</subfield><subfield code="d">OCLCF</subfield><subfield code="d">OCLCO</subfield></datafield><datafield ind1=" " ind2=" " tag="042"><subfield code="a">msc</subfield></datafield><datafield ind1=" " ind2=" " tag="043"><subfield code="a">n-us-mn</subfield></datafield><datafield ind1=" " ind2=" " tag="052"><subfield code="a">4144</subfield><subfield code="b">V6</subfield></datafield><datafield ind1=" " ind2=" " tag="052"><subfield code="a">4143</subfield><subfield code="b">P7</subfield></datafield><datafield ind1="0" ind2="4" tag="245"><subfield code="a">The Villard grit.</subfield></datafield><datafield ind1=" " ind2=" " tag="260"><subfield code="a">Villard, Pope County, Minn. :</subfield><subfield code="b">R.E. McMillan,</subfield><subfield code="c">-1951.</subfield></datafield><datafield ind1=" " ind2=" " tag="300"><subfield code="a">v.</subfield></datafield><datafield ind1=" " ind2=" " tag="310"><subfield code="a">Weekly</subfield></datafield><datafield ind1="1" ind2=" " tag="362"><subfield code="a">Began in 1903.</subfield></datafield><datafield ind1="0" ind2=" " tag="362"><subfield code="a">-v. 47, no. 53 (June 21, 1951).</subfield></datafield><datafield ind1=" " ind2=" " tag="530"><subfield code="a">Available on microfilm from the Minnesota Historical Society.</subfield></datafield><datafield ind1=" " ind2=" " tag="588"><subfield code="a">Description based on: Vol. 38, no. 41 (Mar. 5, 1942).</subfield></datafield><datafield ind1=" " ind2="0" tag="651"><subfield code="a">Villard (Minn.)</subfield><subfield code="v">Newspapers.</subfield></datafield><datafield ind1=" " ind2="7" tag="655"><subfield code="a">Newspapers.</subfield><subfield code="2">fast</subfield><subfield code="0">(OCoLC)fst01423814</subfield></datafield><datafield ind1=" " ind2="7" tag="651"><subfield code="a">Minnesota</subfield><subfield code="z">Villard.</subfield><subfield code="2">fast</subfield><subfield code="0">(OCoLC)fst01255441</subfield></datafield><datafield ind1=" " ind2=" " tag="752"><subfield code="a">United States</subfield><subfield code="b">Minnesota</subfield><subfield code="c">Pope</subfield><subfield code="d">Villard.</subfield></datafield><datafield ind1="0" ind2="5" tag="780"><subfield code="t">Westport world</subfield><subfield code="w">(DLC)sn 90059027</subfield></datafield><datafield ind1="0" ind2="4" tag="785"><subfield code="t">Pope County tribune</subfield><subfield code="w">(DLC)sn 89081030</subfield></datafield></record>